

@book{Zienkiewicz1972,
author = {Zienkiewicz, Olgierd C.},
booktitle = {Introductory Lectures on the Finite Element Method},
doi = {10.1007/978-3-7091-2973-9},
title = {Introductory Lectures on the Finite Element Method},
year = {1972}
}

@article{Battini2002,
author = {Battini, Jean Marc and Pacoste, Costin},
doi = {10.1016/S0045-7825(01)00352-8},
issn = {00457825},
journal = {Computer Methods in Applied Mechanics and Engineering},
number = {17-18},
pages = {1755--1789},
title = {Co-rotational beam elements with warping effects in instability problems},
volume = {191},
year = {2002}
}

@article{yoshi,
title = {Elastic buckling phenomenon applicable to deployable rings},
journal = {International Journal of Solids and Structures},
volume = {29},
number = {7},
pages = {893-909},
year = {1992},
issn = {0020-7683},
doi = {10.1016/0020-7683(92)90024-N},
url = {https://www.sciencedirect.com/science/article/pii/002076839290024N},
author = {Goto Yoshiaki and Watanabe Yasuhito and Kasugai Toshihiro and Obata Makoto}
}

@book{Bathe1982,
author = {Bathe, Klaus-J{\"{u}}rgen},
isbn = {978-0133173055},
pages = {736},
publisher = {Prentice-Hall},
title = {{Finite Element Procedures in Engineering Analysis}},
year = {1982}
}

@book{Crisfield1997,
annote = {0020},
author = {Crisfield, Mike A.},
isbn = {978-0471956495},
pages = {508},
publisher = {Wiley},
title = {{Non-Linear Finite Element Analysis Solids and Structure, Volume 2, Advanced Topics}},
year = {1997}
}

@article{Battini2002,
	author = {Battini, Jean Marc and Pacoste, Costin},
	doi = {10.1016/S0045-7825(01)00352-8},
	issn = {00457825},
	journal = {Computer Methods in Applied Mechanics and Engineering},
	keywords = {Finite element and matrix methods,Nonlinear mechanics,Numerical solution procedures,Stability in structural mechanics,Structural mechanics},
	number = {17-18},
	pages = {1755--1789},
	title = {{Co-rotational beam elements with warping effects in instability problems}},
	volume = {191},
	year = {2002}
}

@article{Le2014,
	author = {Le, Thanh Nam and Battini, Jean Marc and Hjiaj, Mohammed},
	journal = {Computer Methods in Applied Mechanics and Engineering},
	keywords = {3D beam elements,Corotational method,Finite rotations,Nonlinear dynamics},
	pages = {538--565},
	doi = {10.1016/j.cma.2013.11.007},
	title = {{A consistent 3D corotational beam element for nonlinear dynamic analysis of flexible structures}},
	volume = {269},
	year = {2014}
}

@article{GMSH,
author = {Geuzaine, Christophe and Remacle, Jean-François},
title = {Gmsh: A 3-D finite element mesh generator with built-in pre- and post-processing facilities},
journal = {International Journal for Numerical Methods in Engineering},
volume = {79},
number = {11},
pages = {1309-1331},
keywords = {computer-aided design, mesh generation, post-processing, finite element method, open-source software},
doi = {10.1002/nme.2579},
url = {https://onlinelibrary.wiley.com/doi/abs/10.1002/nme.2579},
eprint = {https://onlinelibrary.wiley.com/doi/pdf/10.1002/nme.2579},
year = {2009}
}

@book{anle,
	title={Introducci{\'o}n al An{\'a}lisis No Lineal de Estructuras: texto del curso An{\'a}lisis No Lineal de Estructuras},
	author={Bazzano, Juan~Bruno and P{\'e}rez~Zerpa, Jorge},
	year={2017},
url = {https://www.colibri.udelar.edu.uy/jspui/bitstream/20.500.12008/22106/1/Bazzano_P%c3%a9rezZerpa_Introducci%c3%b3n_al_An%c3%a1lisis_No_Lineal_de_Estructuras_2017.pdf},
	publisher={Facultad de Ingenier{\'i}a, Universidad de la Rep{\'u}blica}
}

@article {villie,
    author = {Villi\'{e}, Alexandre and Vanzulli, Mauricio C and P\'{e}rez~Zerpa, Jorge M. and V\'{e}tel, J\'{e}r\^{o}me and Etienne, St\'{e}phane and Gosselin, Fr\'{e}d\'{e}rick P},
    title = {Modeling vortex-induced vibrations of branched structures by coupling a 3D-corotational frame finite element formulation with wake-oscillators},
    year = {2024},
    journal = {Journal of Fluids and Structures},
    volume = {125},
    doi = {10.1016/j.jfluidstructs.2024.104074},
    publisher = {Elsevier},
    pages = {104074}
}




@article{fenics,
  title = {The FEniCS Project Version 1.5},
  author = {Martin S. Aln{\ae}s and Jan Blechta and Johan Hake and August Johansson and Benjamin Kehlet and Anders Logg and Chris Richardson and Johannes Ring and Marie E. Rognes and Garth N. Wells},
  year = {2015},
  journal = {Archive of Numerical Software},
  volume = {3},
  number = {100},
  doi = {10.11588/ans.2015.100.20553},
  page = {9-23},
}

@article{basix,
doi = {10.21105/joss.03982},
url = {https://doi.org/10.21105/joss.03982},
year = {2022},
publisher = {The Open Journal},
volume = {7},
number = {73},
pages = {3982},
author = {Matthew W. Scroggs and Igor A. Baratta and Chris N. Richardson and Garth N. Wells},
title = {Basix: a runtime finite element basis evaluation library},
journal = {Journal of Open Source Software}
} 

@book{timo,
  title={History of Strength of Materials},
  author={Timoshenko, S.},
  year={1983},
  publisher={Dover Publications}
}


@article{freefem,
  AUTHOR = {Hecht, F.},
  TITLE = {New development in FreeFem++},
  JOURNAL = {J. Numer. Math.},
  FJOURNAL = {Journal of Numerical Mathematics},
  VOLUME = {20}, YEAR = {2012},
  NUMBER = {3-4}, PAGES = {251--265},
  ISSN = {1570-2820},
  MRCLASS = {65Y15},
  doi = {10.1515/jnum-2012-0013},
  MRNUMBER = {3043640},
  URL = {https://freefem.org/}
}

@article{cubens,
  title={CU-BENs: A structural modeling finite element library},
  author={Wu, Wensi and Kosianka, Justyna and Reed, Heather and Stull, Christopher and Earls, Christopher},
  year={2020},
  journal={SoftwareX},
  doi = {10.1016/j.softx.2020.100485},
    publisher = {Elsevier},
  volume = {11}
}

@misc{FEAP,
	title = {FEAPpv A Finite Element Analysis Program: Personal Version},
	url = {http://projects.ce.berkeley.edu/feap/feappv/},
	publisher = {University of California, Berkeley},
	author = {Taylor, R. L.},
	year = {2014}
}

@article{mauri,
  title={A co-rotational formulation for quasi-steady aerodynamic nonlinear analysis of frame structures},
  author={Vanzulli, Mauricio C. and P{\'e}rez~Zerpa, Jorge M.},
  year={2023},
  journal={Heliyon},
  doi = {10.1016/j.heliyon.2023.e19990},
    publisher = {Elsevier},
  volume = {9}
}

@misc{SAF,
	title = {Structural Analysis Format documentation},
  author= {Nemetschek~Group},
  year={2023},
	url = {https://www.saf.guide/en/stable/}
}

@misc{opensees,
  author = {McKenna, F. and Fenves, G. L. and Scott, M. H.},
	title = {Open System for Earthquake Engineering Simulation},
  year={2000},
  publisher = {University of California, Berkeley},
	url = {https://opensees.berkeley.edu}
}



@misc{IFC,
	title = {Industry Foundation Classes},
	author = {buildingSMART},
  year={2018},
	url = {https://www.buildingsmart.org/standards/bsi-standards/industry-foundation-classes/}
}

@article{kiran,
title = {Complex step derivative approximation for numerical evaluation of tangent moduli},
journal = {Computers & Structures},
volume = {140},
pages = {1-13},
year = {2014},
issn = {0045-7949},
doi = {10.1016/j.compstruc.2014.04.009},
url = {https://www.sciencedirect.com/science/article/pii/S0045794914001059},
author = {Ravi Kiran and Kapil Khandelwal},
keywords = {Complex step derivative approximation, Tangent modulus, Hyperelastic materials, Constitutive modeling, Finite difference methods},
abstract = {In this paper the concept of complex step derivative approximation (CSDA) is revisited and its application in constitutive modeling of hyperelastic materials is presented. The performance of CSDA is demonstrated using simple examples. The idea of CSDA is then extended to numerically evaluate the second Piola–Kirchhoff stress tensor and tangent moduli for five popular hyperelastic constitutive models. The performance of CSDA is compared with the finite difference methods for the considered constitutive models. CSDA numerical scheme is observed to outperform other numerical differentiation schemes in terms of computational efficiency and sensitivity to the size of finite difference interval.}
}


@article{forets,
title = {Combining set propagation with finite element methods for time integration in transient solid mechanics problems},
journal = {Computers & Structures},
volume = {259},
pages = {106699},
year = {2022},
issn = {0045-7949},
doi = {10.1016/j.compstruc.2021.106699},
url = {https://www.sciencedirect.com/science/article/pii/S0045794921002212},
author = {Marcelo Forets and Daniel {Freire Caporale} and Jorge M. {Pérez~Zerpa}},
keywords = {Reachability analysis, Finite element method, Heat transfer, Structural dynamics, Numerical verification}
}

@InCollection{ParaView,
  author    = {James Ahrens and Berk Geveci and Charles Law},
  booktitle = {Visualization Handbook},
  publisher = {Elesvier},
  doi = {10.1016/b978-012387582-2/50038-1},
  title     = {{ParaView}: An End-User Tool for Large Data Visualization},
  year      = {2005},
  note      = {{ISBN}~978-0123875822},
}
